@misc{bitcoin,
	Author = {Nakamoto, Satoshi},
	Title = {Bitcoin: A peer-to-peer electronic cash system},
	Year = {2008},
	howpublished={Available at: \url{https://bitcoin.org/bitcoin.pdf}},
	url={https://bitcoin.org/bitcoin.pdf}
}

@article{wood,
	Author = {Wood, Gavin},
	Journal = {Ethereum Project Yellow Paper},
	Pages = {1--32},
	Title = {Ethereum: A secure decentralised generalised transaction ledger},
	Volume = {151},
	Year = {2014}}

@article{buterin,
	Author = {Buterin, Vitalik and others},
	Journal = {white paper},
	Title = {A next-generation smart contract and decentralized application platform},
	Year = {2014}}

@online{buterinforks,
  author={Vitalik Buterin},
  title={Hard Forks, Soft Forks, Defaults and Coercion},
  year={2017},
  url={http://web.archive.org/web/20080207010024/http://www.808multimedia.com/winnt/kernel.htm},
  urldate={2017-03-14}
}

@article{algorand,
	Author = {Silvio Micali},
	Bibsource = {dblp computer science bibliography, http://dblp.org},
	Biburl = {http://dblp.uni-trier.de/rec/bib/journals/corr/Micali16},
	Journal = {CoRR},
	Timestamp = {Tue, 02 Aug 2016 12:59:27 +0200},
	Title = {{ALGORAND:} The Efficient and Democratic Ledger},
	Url = {http://arxiv.org/abs/1607.01341},
	Volume = {abs/1607.01341},
	Year = {2016},
	Bdsk-Url-1 = {http://arxiv.org/abs/1607.01341}}

@inproceedings{authenticated-generically,
  title={Authenticated data structures, generically},
  author={Miller, Andrew and Hicks, Michael and Katz, Jonathan and Shi, Elaine},
  booktitle={ACM SIGPLAN Notices},
  volume={49},
  number={1},
  pages={411--423},
  year={2014},
  organization={ACM}
}

@inproceedings{ouroboros,
	Title={{Ouroboros: A Provably Secure Proof-of-Stake Blockchain Protocol}},
  author={Kiayias, Aggelos and Russell, Alexander and David, Bernardo and Oliynykov, Roman},
  booktitle={Annual International Cryptology Conference},
  pages={357--388},
  year={2017},
	month={Aug},
	Volume={10401},
  organization={Springer},
	publisher={Springer},
	series={LNCS},
	editor={Jonathan Katz and Hovav Shacham}
}

@inproceedings{praos,
	Author = {Bernardo David and Peter Gazi and Aggelos Kiayias and Alexander Russell},
  booktitle={Annual International Conference on the Theory and Applications of Cryptographic Techniques},
	Doi = {10.1007/978-3-319-78375-8_3},
	Editor = {Jesper Buus Nielsen and Vincent Rijmen},
	Month = {Apr--May},
	Pages = {66--98},
	Publisher = {Springer},
	Series = {LNCS},
	Title = {Ouroboros Praos: An Adaptively-Secure, Semi-synchronous Proof-of-Stake Blockchain},
	Volume = 10821,
	Year = 2018,
	Bdsk-Url-1 = {https://doi.org/10.1007/978-3-319-78375-8_3}}

@inproceedings{genesis,
  title={{Ouroboros genesis: Composable proof-of-stake blockchains with dynamic availability}},
  author={Badertscher, Christian and Ga{\v{z}}i, Peter and Kiayias, Aggelos and Russell, Alexander and Zikas, Vassilis},
  booktitle={Proceedings of the 2018 ACM SIGSAC Conference on Computer and Communications Security},
  pages={913--930},
  year={2018}
}

@inproceedings{backbone,
	Author = {Juan A. Garay and Aggelos Kiayias and Nikos Leonardos},
  booktitle={Annual International Conference on the Theory and Applications of Cryptographic Techniques},
	Doi = {10.1007/978-3-662-46803-6_10},
	Editor = {Elisabeth Oswald and Marc Fischlin},
	Month = {Apr},
	Pages = {281--310},
	Publisher = {Springer},
	Series = {LNCS},
	Title = {The Bitcoin Backbone Protocol: Analysis and Applications},
	Volume = {9057},
	Year = 2015,
	Bdsk-Url-1 = {https://doi.org/10.1007/978-3-662-46803-6_10}}

@misc{backbone-new,
	Author = {Juan Garay and Aggelos Kiayias and Nikos Leonardos},
	Howpublished = {Cryptology ePrint Archive, Report 2014/765},
	Note = {\url{https://eprint.iacr.org/2014/765}},
	Title = {The Bitcoin Backbone Protocol: Analysis and Applications (revised 2019)},
	Year = {2014}}

@inproceedings{varbackbone,
	Author = {Juan A. Garay and Aggelos Kiayias and Nikos Leonardos},
  booktitle={Annual International Cryptology Conference},
	Editor = {Jonathan Katz and Hovav Shacham},
	Month = {Aug},
	Pages = {291--323},
	Publisher = {Springer},
	Series = {LNCS},
	Title = {The Bitcoin Backbone Protocol with Chains of Variable Difficulty},
	Volume = 10401,
	Year = 2017}

@unpublished{varbackbone-new,
	Author = {Juan Garay and Aggelos Kiayias and Nikos Leonardos},
	Title = {{The Bitcoin Backbone Protocol with Chains of Variable Difficulty (revised 2020)}},
	note={Unpublished Manuscript},
	Year = 2020}

@inproceedings{pass-asynchronous,
	Author = {Rafael Pass and Lior Seeman and Abhi Shelat},
	Bibsource = {dblp computer science bibliography, https://dblp.org},
	Biburl = {https://dblp.org/rec/bib/conf/eurocrypt/PassSS17},
	Booktitle = {Advances in Cryptology - {EUROCRYPT} 2017 - 36th Annual International Conference on the Theory and Applications of Cryptographic Techniques, Paris, France, April 30 - May 4, 2017, Proceedings, Part {II}},
	Date-Added = {2019-05-15 18:17:53 +0200},
	Date-Modified = {2019-05-15 18:17:53 +0200},
	Doi = {10.1007/978-3-319-56614-6\_22},
	Pages = {643--673},
	Timestamp = {Tue, 14 May 2019 10:00:53 +0200},
	Title = {Analysis of the Blockchain Protocol in Asynchronous Networks},
	Url = {https://doi.org/10.1007/978-3-319-56614-6\_22},
	Year = {2017},
	Bdsk-Url-1 = {https://doi.org/10.1007/978-3-319-56614-6%5C_22}}
}

@inproceedings{eclipse,
  title={Eclipse Attacks on Bitcoin's Peer-to-Peer Network.},
  author={Heilman, Ethan and Kendler, Alison and Zohar, Aviv and Goldberg, Sharon},
  booktitle={USENIX Security Symposium},
  pages={129--144},
  year={2015}
}

@techreport{eclipse-ethereum,
  title={Ethereum eclipse attacks},
  author={W{\"u}st, Karl and Gervais, Arthur},
  year={2016},
  institution={ETH Zurich}
}

@inproceedings{hijackingbitcoin,
  title =	{{Hijacking bitcoin: Routing attacks on cryptocurrencies}},
  author =	{Apostolaki, Maria and Zohar, Aviv and Vanbever,
                  Laurent},
  booktitle = {Security and Privacy (SP), 2017 IEEE Symposium on},
  pages =	{375--392},
  year = {2017},
  organization = {IEEE}
}

@inproceedings{fruitchains,
  title={{Fruitchains: A fair blockchain}},
  author={Pass, Rafael and Shi, Elaine},
  booktitle={Proceedings of the ACM Symposium on Principles of Distributed Computing},
  pages={315--324},
  year={2017},
  organization={ACM}
}

@inproceedings{sok,
  title={{SoK: Research Perspectives and Challenges for Bitcoin and Cryptocurrencies}},
  author={Bonneau, Joseph and Miller, Andrew and Clark, Jeremy and Narayanan, Arvind and Kroll, Joshua A and Felten, Edward W},
  booktitle={Security and Privacy (SP), 2015 IEEE Symposium on},
  pages={104--121},
  year={2015},
  organization={IEEE}
}

@inproceedings{selfish,
  title={{Majority is not enough: Bitcoin mining is vulnerable}},
  author={Eyal, Ittay and Sirer, Emin G{\"u}n},
  booktitle={International conference on financial cryptography and data security},
  pages={436--454},
  year={2014},
  organization={Springer}
}

@article{bahack,
    title={{Theoretical Bitcoin Attacks with less than Half of the
        Computational Power}},
    author={Bahack, Lear},
    journal={arXiv preprint arXiv:1312.7013},
    year={2013}
}

@inproceedings{bulletproofs,
  title={Bulletproofs: Short proofs for confidential transactions and more},
  author={B{\"u}nz, Benedikt and Bootle, Jonathan and Boneh, Dan and Poelstra, Andrew and Wuille, Pieter and Maxwell, Greg},
  booktitle={2018 IEEE Symposium on Security and Privacy (SP)},
  pages={315--334},
  year={2018},
  organization={IEEE}
}

@online{slimcoin,
  author="P4Titan",
  title="Slimcoin A Peer-to-Peer Crypto-Currency with Proof-of-Burn",
  url={https://www.doc.ic.ac.uk/~ids/realdotdot/crypto_papers_etc_worth_reading/proof_of_burn/slimcoin_whitepaper.pdf},
  year={2014},
  month="May",
  howpublished={Available at: \url{https://www.doc.ic.ac.uk/~ids/realdotdot/crypto_papers_etc_worth_reading/proof_of_burn/slimcoin_whitepaper.pdf}}
}

@inproceedings{opreturn,
  title={{An analysis of Bitcoin \texttt{OP\_RETURN} metadata}},
  author={Bartoletti, Massimo and Pompianu, Livio},
  booktitle={International Conference on Financial Cryptography and Data Security},
  pages={218--230},
  year={2017},
  organization={Springer}
}

@article{rosenfeld,
    title={Analysis of hashrate-based double spending},
    author={Rosenfeld, Meni},
    journal={arXiv preprint arXiv:1402.2009},
    year={2014}
}

@inproceedings{composable-bitcoin,
	Author = {Christian Badertscher and Ueli Maurer and Daniel Tschudi and Vassilis Zikas},
	Bibsource = {dblp computer science bibliography, https://dblp.org},
	Biburl = {https://dblp.org/rec/bib/conf/crypto/BadertscherMTZ17},
	Booktitle = {Advances in Cryptology - {CRYPTO} 2017 - 37th Annual International Cryptology Conference, Santa Barbara, CA, USA, August 20-24, 2017, Proceedings, Part {I}},
	Date-Added = {2019-05-15 18:17:02 +0200},
	Date-Modified = {2019-05-15 18:17:02 +0200},
	Doi = {10.1007/978-3-319-63688-7\_11},
	Pages = {324--356},
	Timestamp = {Tue, 14 May 2019 10:00:48 +0200},
	Title = {Bitcoin as a Transaction Ledger: {A} Composable Treatment},
	Url = {https://doi.org/10.1007/978-3-319-63688-7\_11},
	Year = {2017},
	Bdsk-Url-1 = {https://doi.org/10.1007/978-3-319-63688-7%5C_11}}

@inproceedings{commitcoin,
  title={Commitcoin: Carbon dating commitments with bitcoin},
  author={Clark, Jeremy and Essex, Aleksander},
  booktitle={International Conference on Financial Cryptography and Data Security},
  pages={390--398},
  year={2012},
  organization={Springer}
}

@inproceedings{towncrier,
  title={Town crier: An authenticated data feed for smart contracts},
  author={Zhang, Fan and Cecchetti, Ethan and Croman, Kyle and Juels, Ari and Shi, Elaine},
  booktitle={Proceedings of the 2016 ACM SIGSAC conference on computer and communications security},
  pages={270--282},
  year={2016}
}

@inproceedings{dishonest-majority,
  title={Bitcoin Security under Temporary Dishonest Majority},
  author={Avarikioti, Georgia and K{\"a}ppeli, Lukas and Wang, Yuyi and Wattenhofer, Roger},
  booktitle={23rd Financial Cryptography and Data Security (FC)},
  year={2019},
	publisher={Springer}
}

@article{snowwhite,
	Author = {Iddo Bentov and Rafael Pass and Elaine Shi},
	Bibsource = {dblp computer science bibliography, https://dblp.org},
	Biburl = {https://dblp.org/rec/bib/journals/iacr/BentovPS16a},
	Date-Added = {2018-05-06 09:07:34 +0000},
	Date-Modified = {2018-05-06 09:07:34 +0000},
	Journal = {{IACR} Cryptology ePrint Archive},
	Pages = {919},
	Timestamp = {Thu, 08 Jun 2017 14:26:43 +0200},
	Title = {Snow White: Provably Secure Proofs of Stake},
	Url = {http://eprint.iacr.org/2016/919},
	Volume = {2016},
	Year = {2016},
	Bdsk-Url-1 = {http://eprint.iacr.org/2016/919}}

@inproceedings{omniledger,
  title={Omniledger: A secure, scale-out, decentralized ledger via sharding},
  author={Kokoris-Kogias, Eleftherios and Jovanovic, Philipp and Gasser, Linus and Gailly, Nicolas and Syta, Ewa and Ford, Bryan},
  booktitle={2018 IEEE Symposium on Security and Privacy (SP)},
  pages={583--598},
  year={2018},
  organization={IEEE}
}

@misc{rapidchain,
	Author = {Mahdi Zamani and Mahnush Movahedi and Mariana Raykova},
	Howpublished = {Cryptology ePrint Archive, Report 2018/460},
	Note = {\url{https://eprint.iacr.org/2018/460}},
	Title = {{RapidChain}: {A} Fast Blockchain Protocol via Full Sharding},
	Year = 2018}

@conference{mining-economics,
	Author = {Joshua A. Kroll and Ian C. Davey and Edward W. Felten},
	Booktitle = {The Twelfth Workshop on the Economics of Information Security (WEIS 2013), Washington DC},
	Date-Added = {2018-05-05 15:01:06 +0000},
	Date-Modified = {2018-05-05 15:02:07 +0000},
	Month = {June 10-11},
	Title = {The Economics of Bitcoin Mining, or Bitcoin in the Presence of Adversaries},
	Year = {2013}}

@misc{cryptonote,
  title={CryptoNote v2.0},
  author={Van Saberhagen, Nicolas},
  year={2013},
  howpublished={Available at: \url{https://cryptonote.org/whitepaper.pdf}},
  url={https://cryptonote.org/whitepaper.pdf},
  urldate={2018-04-26}
}

@inproceedings{hostile,
  title={Hostile blockchain takeovers (short paper)},
  author={Bonneau, Joseph},
  booktitle={International Conference on Financial Cryptography and Data Security},
  pages={92--100},
  year={2018},
  organization={Springer}
}

@article{consensus-sok,
  title={Consensus in the age of blockchains},
  author={Bano, Shehar and Sonnino, Alberto and Al-Bassam, Mustafa and Azouvi, Sarah and McCorry, Patrick and Meiklejohn, Sarah and Danezis, George},
  journal={arXiv preprint arXiv:1711.03936},
  year={2017}
}

@inproceedings{zerocoin,
  title={Zerocoin: Anonymous distributed e-cash from bitcoin},
  author={Miers, Ian and Garman, Christina and Green, Matthew and Rubin, Aviel D},
  booktitle={2013 IEEE Symposium on Security and Privacy},
  pages={397--411},
  year={2013},
  organization={IEEE}
}

@inproceedings{tumblebit,
  title={Tumblebit: An untrusted bitcoin-compatible anonymous payment hub},
  author={Heilman, Ethan and Alshenibr, Leen and Baldimtsi, Foteini and Scafuro, Alessandra and Goldberg, Sharon},
  booktitle={Network and Distributed System Security Symposium},
  year={2017}
}

@inproceedings{fistful,
  title={A fistful of bitcoins: characterizing payments among men with no names},
  author={Meiklejohn, Sarah and Pomarole, Marjori and Jordan, Grant and Levchenko, Kirill and McCoy, Damon and Voelker, Geoffrey M and Savage, Stefan},
  booktitle={Proceedings of the 2013 conference on Internet measurement conference},
  pages={127--140},
  year={2013}
}

@inproceedings{quantitative-bitcoin-analysis,
  title={Quantitative analysis of the full bitcoin transaction graph},
  author={Ron, Dorit and Shamir, Adi},
  booktitle={International Conference on Financial Cryptography and Data Security},
  pages={6--24},
  year={2013},
  organization={Springer}
}

@inproceedings{btcVSbch,
  title={Bitcoin vs. Bitcoin Cash: Coexistence or Downfall of Bitcoin Cash?},
  author={Kwon, Yujin and Kim, Hyoungshick and Shin, Jinwoo and Kim, Yongdae},
  booktitle={2019 IEEE Symposium on Security and Privacy (SP)},
  pages={935--951},
  year={2019},
  organization={IEEE}
}

@article{chimeric,
  title={Chimeric Ledgers: Translating and Unifying UTXO-based and Account-based Cryptocurrencies.},
  author={Zahnentferner, Joachim},
  journal={IACR Cryptology ePrint Archive},
  volume={2018},
  pages={262},
  year={2018}
}

@inproceedings{equitability,
  title={Compounding of wealth in proof-of-stake cryptocurrencies},
  author={Fanti, Giulia and Kogan, Leonid and Oh, Sewoong and Ruan, Kathleen and Viswanath, Pramod and Wang, Gerui},
  booktitle={International Conference on Financial Cryptography and Data Security},
  pages={42--61},
  year={2019},
  organization={Springer}
}

@phdthesis{okun,
  title={Distributed computing among unacquainted processors in the presence of Byzantine failures},
  author={Okun, Michael},
  year={2005},
  publisher={Hebrew University of Jerusalem}
}

@inproceedings{dishonest,
  title={Bitcoin security under temporary dishonest majority},
  author={Avarikioti, Zet and K{\"a}ppeli, Lukas and Wang, Yuyi and Wattenhofer, Roger},
  booktitle={International Conference on Financial Cryptography and Data Security},
  pages={466--483},
  year={2019},
  organization={Springer}
}

@inproceedings{cerberus,
  title={{Cerberus Channels: Incentivizing Watchtowers for Bitcoin}},
  author={Avarikioti, Zeta and Litos, Orfeas Stefanos Thyfronitis and Wattenhofer, Roger},
  booktitle={International Conference on Financial Cryptography and Data Security},
  pages={346--366},
  year={2020},
  organization={Springer}
}

@inproceedings{composable-lightning,
  title={A composable security treatment of the lightning network},
  author={Kiayias, Aggelos and Litos, Orfeas Stefanos Thyfronitis},
  booktitle={2020 IEEE 33rd Computer Security Foundations Symposium (CSF)},
  pages={334--349},
  year={2020},
  organization={IEEE},
  publisher={IEEE}
}

@article{mimblewimble,
  title={Mimblewimble},
  author={Poelstra, Andrew},
  year={2016},
  publisher={Andrew Poelstra}
}

@article{divide-and-scale,
  title={{Divide and scale: Formalization of distributed ledger sharding protocols}},
  author={Avarikioti, Georgia and Kokoris-Kogias, Eleftherios and Wattenhofer, Roger},
  journal={arXiv preprint arXiv:1910.10434},
  year={2019}
}

@article{rollerchain,
  title={Rollerchain, a blockchain with safely pruneable full blocks},
  author={Chepurnoy, Alexander and Larangeira, Mario and Ojiganov, Alexander},
  journal={arXiv preprint arXiv:1603.07926},
  year={2016}
}

@inproceedings{bitcoin-prune,
  title={How to Securely Prune Bitcoin’s Blockchain},
  author={Matzutt, Roman and Kalde, Benedikt and Pennekamp, Jan and Drichel, Arthur and Henze, Martin and Wehrle, Klaus},
  booktitle={2020 IFIP Networking Conference (Networking)},
  pages={298--306},
  year={2020},
  organization={IEEE}
}

@article{utreexo,
  title={{Utreexo: A dynamic hash-based accumulator optimized for the Bitcoin UTXO set}},
  author={Dryja, Thaddeus},
  journal={IACR Cryptol. ePrint Arch.},
  volume={2019},
  pages={611},
  year={2019}
}

@techreport{wallet-taxonomy,
  title={SoK: A Taxonomy of Cryptocurrency Wallets},
  author={Karantias, Kostis},
  year={2020},
  institution={IACR Cryptology ePrint Archive, 2020: 868}
}

@techreport{supremacy,
  title={Consensus redux: distributed ledgers in the face of adversarial supremacy},
  author={Badertscher, Christian and Gazi, Peter and Kiayias, Aggelos and Russell, Alexander and Zikas, Vassilis},
  year={2020},
  institution={Cryptology ePrint Archive, Report 2020/1021}
}

@article{truebit,
  title={A scalable verification solution for blockchains},
  author={Teutsch, Jason and Reitwie{\ss}ner, Christian},
  journal={arXiv preprint arXiv:1908.04756},
  year={2019}
}

@article{speedsecurity,
  title={Speed-security tradeoffs in blockchain protocols},
  author={Kiayias, Aggelos and Panagiotakos, Giorgos},
  journal={Cryptology ePrint Archive},
  year={2015}
}

@inproceedings{hardware-wallets,
  title={{A Formal Treatment of Hardware Wallets}},
  author={Arapinis, Myrto and Gkaniatsou, Andriana and Karakostas, Dimitris and Kiayias, Aggelos},
  booktitle={Financial Cryptography and Data Security: 23rd International Conference, FC 2019, Frigate Bay, St. Kitts and Nevis, February 18--22, 2019, Revised Selected Papers 23},
  pages={426--445},
  year={2019},
  organization={Springer}
}

@inproceedings{flashboys,
  title={{Flash Boys 2.0: Frontrunning, Transaction Reordering, and Consensus Instability in Decentralized Exchanges}},
  author={Daian, Philip and Goldfeder, Steven and Kell, Tyler and Li, Yunqi and Zhao, Xueyuan and Bentov, Iddo and Breidenbach, Lorenz and Juels, Ari},
  booktitle={2020 IEEE Symposium on Security and Privacy (SP)},
  pages={910--927},
  year={2020},
  organization={IEEE}
}

@article{clockwork,
  title={{Clockwork Finance: Automated Analysis of Economic Security in Smart Contracts}},
  author={Babel, Kushal and Daian, Philip and Kelkar, Mahimna and Juels, Ari},
  journal={arXiv preprint arXiv:2109.04347},
  year={2021}
}

@inproceedings{instability,
  title={{On the Instability of Bitcoin Without the Block Reward}},
  author={Carlsten, Miles and Kalodner, Harry and Weinberg, S Matthew and Narayanan, Arvind},
  booktitle={Proceedings of the 2016 acm sigsac conference on computer and communications security},
  pages={154--167},
  year={2016}
}

@inproceedings{nakamoto-wins,
  title={{Everything is a Race and Nakamoto Always Wins}},
  author={Dembo, Amir and Kannan, Sreeram and Tas, Ertem Nusret and Tse, David and Viswanath, Pramod and Wang, Xuechao and Zeitouni, Ofer},
  booktitle={Proceedings of the 2020 ACM SIGSAC Conference on Computer and Communications Security},
  pages={859--878},
  year={2020}
}

@inproceedings{rethinking-consensus,
  title={{Rethinking Large-Scale Consensus}},
  author={Pass, Rafael and Shi, Elaine},
  booktitle={2017 IEEE 30th Computer Security Foundations Symposium (CSF)},
  pages={115--129},
  year={2017},
  organization={IEEE}
}

@article{ling-analysis,
  title={{Analysis of Nakamoto Consensus}},
  author={Ren, Ling},
  journal={Cryptology ePrint Archive},
  year={2019}
}