@book{katz,
  title={{Introduction to Modern Cryptography}},
  author={Lindell, Yehuda and Katz, Jonathan},
  year={2014},
  publisher={Chapman and Hall/CRC}
}

@book{handbook,
  title={{Handbook of Applied Cryptography}},
  author={Katz, Jonathan and Menezes, Alfred J and Van Oorschot, Paul C and Vanstone, Scott A},
  year={1996},
  publisher={CRC press}
}

@book{foundations1,
  title={{Foundations of Cryptography: Volume 1, Basic Tools}},
  author={Goldreich, Oded},
  year={2007},
  publisher={Cambridge university press}
}

@book{foundations2,
  title={{Foundations of Cryptography: Volume 2, Basic Applications}},
  author={Goldreich, Oded},
  year={2009},
  publisher={Cambridge university press}
}

@inproceedings{rogaway2004cryptographic,
  title={Cryptographic hash-function basics: Definitions, implications, and separations for preimage resistance, second-preimage resistance, and collision resistance},
  author={Rogaway, Phillip and Shrimpton, Thomas},
  booktitle={International workshop on fast software encryption},
  pages={371--388},
  year={2004},
  organization={Springer}
}

@article{sha256,
  title={Processing Standards Publication FIPS 180-2, Secure Hash Standard},
  author={National Institute of Standards and Technology, US Department of Commerce},
  year={2002},
  month={Aug}
}

@inproceedings{bertoni2008indifferentiability,
  title={On the indifferentiability of the sponge construction},
  author={Bertoni, Guido and Daemen, Joan and Peeters, Micha{\"e}l and Van Assche, Gilles},
  booktitle={Annual International Conference on the Theory and Applications of Cryptographic Techniques},
  pages={181--197},
  year={2008},
  organization={Springer}
}

@inproceedings{uc,
	Author = {Ran Canetti},
	Booktitle = {42nd FOCS},
	Month = {Oct},
	Pages = {136--145},
	Publisher = {{IEEE} Computer Society Press},
	Title = {Universally Composable Security: A New Paradigm for Cryptographic Protocols},
	Year = 2001}

@inproceedings{ro,
  title={{Random Oracles are Practical: A Paradigm for Designing Efficient Protocols}},
  author={Bellare, Mihir and Rogaway, Phillip},
  booktitle={Proceedings of the 1st ACM conference on Computer and communications security},
  pages={62--73},
  year={1993},
  organization={ACM}
}

@article{ro-revisited,
  title={{The Random Oracle Methodology, Revisited}},
  author={Canetti, Ran and Goldreich, Oded and Halevi, Shai},
  journal={Journal of the ACM (JACM)},
  volume={51},
  number={4},
  pages={557--594},
  year={2004},
  publisher={ACM New York, NY, USA}
}

@inproceedings{sybil,
  title={The sybil attack},
  author={Douceur, John R},
  booktitle={International Workshop on Peer-to-Peer Systems},
  pages={251--260},
  year={2002},
  organization={Springer}
}

@inproceedings{merkle,
  title={A digital signature based on a conventional encryption function},
  author={Merkle, Ralph C},
  booktitle={Conference on the Theory and Application of Cryptographic Techniques},
  pages={369--378},
  year={1987},
  organization={Springer}
}

@inproceedings{pow,
  title={Pricing via processing or combatting junk mail},
  author={Dwork, Cynthia and Naor, Moni},
  booktitle={Annual International Cryptology Conference},
  pages={139--147},
  year={1992},
  organization={Springer}
}

@inproceedings{boldyreva2003threshold,
  title={Threshold signatures, multisignatures and blind signatures based on the gap-Diffie-Hellman-group signature scheme},
  author={Boldyreva, Alexandra},
  booktitle={International Workshop on Public Key Cryptography},
  pages={31--46},
  year={2003},
  organization={Springer}
}

@misc{pop,
  author = {Thomas Ristenpart and Scott Yilek},
  title = {The Power of Proofs-of-Possession: Securing Multiparty Signatures against Rogue-Key Attacks},
  howpublished = {Cryptology ePrint Archive, Report 2007/264},
  year = {2007},
  note = {\url{https://eprint.iacr.org/2007/264}},
}

@inproceedings{snarks,
	Author = {Nir Bitansky and Ran Canetti and Alessandro Chiesa and Eran Tromer},
	Bibsource = {dblp computer science bibliography, https://dblp.org},
	Biburl = {https://dblp.org/rec/bib/conf/innovations/BitanskyCCT12},
	Booktitle = {Innovations in Theoretical Computer Science 2012, Cambridge, MA, USA, January 8-10, 2012},
	Date-Added = {2019-05-16 00:23:07 +0200},
	Date-Modified = {2019-05-16 00:23:07 +0200},
	Doi = {10.1145/2090236.2090263},
	Pages = {326--349},
	Timestamp = {Tue, 06 Nov 2018 11:07:34 +0100},
	Title = {From extractable collision resistance to succinct non-interactive arguments of knowledge, and back again},
	Url = {https://doi.org/10.1145/2090236.2090263},
	Year = {2012},
	Bdsk-Url-1 = {https://doi.org/10.1145/2090236.2090263}}

@inproceedings{recursive-snarks,
	Author = {Nir Bitansky and Ran Canetti and Alessandro Chiesa and Eran Tromer},
	Bibsource = {dblp computer science bibliography, https://dblp.org},
	Biburl = {https://dblp.org/rec/bib/conf/stoc/BitanskyCCT13},
	Booktitle = {Symposium on Theory of Computing Conference, STOC'13, Palo Alto, CA, USA, June 1-4, 2013},
	Date-Added = {2019-05-16 00:13:34 +0200},
	Date-Modified = {2019-05-16 00:13:34 +0200},
	Doi = {10.1145/2488608.2488623},
	Pages = {111--120},
	Timestamp = {Tue, 06 Nov 2018 11:07:06 +0100},
	Title = {Recursive composition and bootstrapping for {SNARKS} and proof-carrying data},
	Url = {https://doi.org/10.1145/2488608.2488623},
	Year = {2013},
	Bdsk-Url-1 = {https://doi.org/10.1145/2488608.2488623}}

@article{ben2017scalable,
	Author = {Ben-Sasson, Eli and Bentov, Iddo and Horesh, Ynon and Riabzev, Michael},
	Journal = {Manuscript.(2017). Slides at \url{https://people.eecs.berkeley.edu/~alexch/docs/pcpip_bensasson.pdf}},
	Title = {Scalable, transparent, and post-quantum secure computational integrity},
	Year = {2017}}

@inproceedings{vrf,
  title={A verifiable random function with short proofs and keys},
  author={Dodis, Yevgeniy and Yampolskiy, Aleksandr},
  booktitle={International Workshop on Public Key Cryptography},
  pages={416--431},
  year={2005},
  organization={Springer}
}

@article{ignorance,
  title={Proofs of Ignorance and Applications to 2-Message Witness Hiding.},
  author={Deshpande, Apoorvaa and Kalai, Yael},
  journal={IACR Cryptology ePrint Archive},
  volume={2018},
  pages={896},
  year={2018}
}

@inproceedings{ec,
  title={{CM-curves with good cryptographic properties}},
  author={Koblitz, Neal},
  booktitle={Annual international cryptology conference},
  pages={279--287},
  year={1991},
  organization={Springer}
}

@inproceedings{nielsen2002separating,
  title={Separating random oracle proofs from complexity theoretic proofs: The non-committing encryption case},
  author={Nielsen, Jesper Buus},
  booktitle={Annual International Cryptology Conference},
  pages={111--126},
  year={2002},
  organization={Springer}
}

@inproceedings{fischlin2010random,
  title={Random oracles with (out) programmability},
  author={Fischlin, Marc and Lehmann, Anja and Ristenpart, Thomas and Shrimpton, Thomas and Stam, Martijn and Tessaro, Stefano},
  booktitle={International Conference on the Theory and Application of Cryptology and Information Security},
  pages={303--320},
  year={2010},
  organization={Springer}
}

@inproceedings{sparse-mt,
  title={Efficient sparse merkle trees},
  author={Dahlberg, Rasmus and Pulls, Tobias and Peeters, Roel},
  booktitle={Nordic Conference on Secure IT Systems},
  pages={199--215},
  year={2016},
  organization={Springer}
}

@article{revocation-transparency,
  title={Revocation transparency},
  author={Laurie, Ben and Kasper, Emilia},
  journal={Google Research, September},
  pages={33},
  year={2012}
}

@article{edrax,
  title={{Edrax: A Cryptocurrency with Stateless Transaction Validation.}},
  author={Chepurnoy, Alexander and Papamanthou, Charalampos and Zhang, Yupeng},
  journal={IACR Cryptology ePrint Archive},
  volume={2018},
  pages={968},
  year={2018}
}

@article{ct,
  title={RFC6962: Certificate Transparency},
  author={Laurie, Ben and Langley, Adam and Kasper, Emilia},
  journal={Request for Comments. IETF},
  year={2013}
}

@misc{mmr,
	Author = {Peter Todd},
	Note = {\url{https://github.com/opentimestamps/opentimestamps-server/blob/master/doc/merkle-mountain-range.md}},
	Title = {Merkle Mountain Ranges},
	Year = {October 2012}}

@inproceedings{fiatshamir,
  title={{How to prove yourself: Practical solutions to identification and signature problems}},
  author={Fiat, Amos and Shamir, Adi},
  booktitle={Conference on the theory and application of cryptographic techniques},
  pages={186--194},
  year={1986},
  organization={Springer}
}

@inproceedings{schnorr,
  title={Efficient identification and signatures for smart cards},
  author={Schnorr, Claus-Peter},
  booktitle={Conference on the Theory and Application of Cryptology},
  pages={239--252},
  year={1989},
  organization={Springer}
}

@inproceedings{dowling2016secure,
  title={Secure logging schemes and certificate transparency},
  author={Dowling, Benjamin and G{\"u}nther, Felix and Herath, Udyani and Stebila, Douglas},
  booktitle={European Symposium on Research in Computer Security},
  pages={140--158},
  year={2016},
  organization={Springer}
}

@article{starks,
  title={Scalable, transparent, and post-quantum secure computational integrity.},
  author={Ben-Sasson, Eli and Bentov, Iddo and Horesh, Yinon and Riabzev, Michael},
  journal={IACR Cryptol. ePrint Arch.},
  volume={2018},
  pages={46},
  year={2018}
}

@book{smart,
  title={{Cryptography Made Simple}},
  author={Smart, Nigel},
  year={2016},
  publisher={Springer}
}

@article{cryptobook,
  title={A graduate course in applied cryptography},
  author={Boneh, Dan and Shoup, Victor},
  journal={Draft 0.5},
  year={2020}
}
